@article{Ref1_brisemer,
author = "Defant F.",
title = "Theorie der Land und Seewind",
journal = "Arch. Meteor. Geophys. Bioklim,2, 404-425.",
year = "1950"
}

@article{Ref2_brisemer,
author = "Martin C. L.",
title = "Numerical accuracy in a mesoscale meteorological model",
journal = "Thesis of University of Virginia",
year = "1981"
}

@article{Zhang,
author = {Di Zhang and Chunbo Jiang and Dongfang Liang and Zhengbing Chen and
Yan Yang and Ying Shi},
title = {A refined VOF algorithm for capturing sharp fluid
interfaces on arbitrary meshes},
journal = {Journal of Computational Physics},
year = {2014},
}

@article{pirozzoli,
title={Turbulence and secondary motions in square duct flow},
volume={840},
DOI={10.1017/jfm.2018.66},
journal={Journal of Fluid Mechanics},
publisher={Cambridge University Press},
author={Pirozzoli, Sergio and Modesti, Davide and Orlandi, Paolo and Grasso, Francesco},
year={2018},
pages={631–655}
}

@article{Darwish,
author = {M. Darwish and F. Moukalled},
title = {Convective Schemes for Capturing Interfaces of
Free-Surface Flows on Unstructured Grids},
journal = {Numerical Heat Transfer Fundamentals},
year = {2006},
}

@article{Muzaferija,
author = {Muzaferija S. and Peric M. and Sames P. and Schellin T.},
title = {A Two-Fluid Navier-Stokes Solver to Simulate Water Entry},
journal = {Proceedings of the Twenty-Second Symposium on Naval Hydrodynamics},
year = {1999},
}

@article{iampietro2018,
  TITLE = {{A Mach-Sensitive Splitting Approach for Euler-like Systems}},
  AUTHOR = {Iampietro, David and Daude, Fr{\'e}d{\'e}ric and Galon, Pascal and H{\'e}rard, Jean-Marc},
  URL = {https://hal.archives-ouvertes.fr/hal-01466827},
  JOURNAL = {{ESAIM: Mathematical Modelling and Numerical Analysis}},
  PUBLISHER = {{EDP Sciences}},
  VOLUME = {52},
  NUMBER = {1},
  PAGES = {207-253},
  YEAR = {2018},
  MONTH = May,
  DOI = {10.1051/m2an/2017063},
  KEYWORDS = {Low-Mach Flows ; Operator Splitting ; Fractional Step ; Hyperbolic ; Relaxation Schemes},
  PDF = {https://hal.archives-ouvertes.fr/hal-01466827/file/Mach_Sensitive_HAL.pdf},
  HAL_ID = {hal-01466827},
  HAL_VERSION = {v2},
}

@article{dimarco2017,
  TITLE = {{STUDY OF A NEW ASYMPTOTIC PRESERVING SCHEME FOR THE EULER SYSTEM IN THE LOW MACH NUMBER LIMIT}},
  AUTHOR = {Dimarco, Giacomo and Loub{\`e}re, Rapha{\"e}l and Vignal, Marie-H{\'e}l{\`e}ne},
  URL = {https://hal.archives-ouvertes.fr/hal-01297238},
  JOURNAL = {{SIAM Journal on Scientific Computing}},
  PUBLISHER = {{Society for Industrial and Applied Mathematics}},
  VOLUME = {39},
  NUMBER = {5},
  PAGES = {A2099-A2128},
  YEAR = {2017},
  KEYWORDS = {Asymptotic preserving schemes ; Euler system ; Low Mach number limit ; stability analysis},
  PDF = {https://hal.archives-ouvertes.fr/hal-01297238/file/Dimarco_Loubere_Vignal_Low_Mach.pdf},
  HAL_ID = {hal-01297238},
  HAL_VERSION = {v1},
}

@article{helluy2016,
  TITLE = {{Verification of a two-phase flow code based on an homogeneous model}},
  AUTHOR = {Helluy, Philippe and Hurisse, Olivier and Le Coupanec, Erwan},
  URL = {https://hal.archives-ouvertes.fr/hal-01396200},
  JOURNAL = {{International Journal on Finite Volumes}},
  PUBLISHER = {{Institut de Math{\'e}matiques de Marseille, AMU}},
  VOLUME = {13},
  YEAR = {2016},
  MONTH = Nov,
  KEYWORDS = {verification ; Homogeneous model ; two-phase flows},
  PDF = {https://hal.archives-ouvertes.fr/hal-01396200/file/IJVF-2016-Helluy-Hurisse-LeCoupannec-verification.pdf},
  HAL_ID = {hal-01396200},
  HAL_VERSION = {v1},
}

@article{moguen2015,
  TITLE = {{Solving low Mach number Riemann problems by a momentum interpolation method}},
  AUTHOR = {Moguen, Yann and Bruel, Pascal and Dick, Erik},
  URL = {https://hal.inria.fr/hal-01247086},
  JOURNAL = {{Journal of Computational Physics}},
  PUBLISHER = {{Elsevier}},
  VOLUME = {298},
  PAGES = {6},
  YEAR = {2015},
  MONTH = Oct,
  DOI = {10.1016/j.jcp.2015.06.037},
  HAL_ID = {hal-01247086},
  HAL_VERSION = {v1},
}

@article{colas:2019,
  TITLE = {{An Implicit Integral Formulation to Model Inviscid Fluid Flows in Obstructed Media}},
  AUTHOR = {Colas, Cl{\'e}ment and Ferrand, Martin and H{\'e}rard, Jean-Marc and Latch{\'e}, Jean-Claude and Le Coupanec, Erwan},
  URL = {https://hal.archives-ouvertes.fr/hal-01969129},
  JOURNAL = {{Computers and Fluids}},
  PUBLISHER = {{Elsevier}},
  YEAR = {2019},
  DOI = {10.1016/j.compfluid.2019.05.014},
  HAL_ID = {hal-01969129},
  HAL_VERSION = {v1},
}

@article{Ref3_brisemer,
author = "Martin C. L., Pielke R.",
title = "The adequacy of the hydrostatic Assumption in Sea Breeze Modeling
         over Flat Terrain",
journal = "J. Atm Scien, 40, pp. 1472-1481",
year = "1983"
}

@article{Ref4_brisemer,
author = "Huguet F.",
title = "Contribution à la modélisation numérique du phénomène de
        brise de mer",
journal = "Thèse UCB-Lyon I",
year = "1996"
}

@article{mussongenon1987,
author = "Musson-Genon L.",
title = "Numerical simulation of a fog event with a one-dimensional boundary layer model",
journal = "Mon. Weather Rev.,115, 592-607.",
year = "1987"
}

@article{Zhang2014,
author = " Zhang X.G., Musson-Genon L., Dupont, E., Milliez M., Carissimo B.",
title = "On the influence of a simple microphysics parametrization on radiation fog modelling: a case study during ParisFog ",
journal = "Bound. Layer Meteor.,151, 293-315.",
year = "2014"
}

@article{abdul2000,
author = "Abdul-Razzak H., Ghan S.",
title = "A parameterization of aerosol activation. 2. multiple aerosol types",
journal = "J. Geophys. Res.,105, 6837-6844.",
year = "2000"
}

@article{Bouzerau2004,
author = "Bouzereau E.",
title = "Représentation des nuages chauds dans le modèle météorologique MERCURE: Application aux panaches d'aéroréfrigérants et aux précipitations orographiques",
journal = "Th\`ese de Doctorat.",
year = "2004"
}

@article{deardorff1978,
author = "Deardorff J. W. E.",
title = "Efficient prediction of ground surface temperature and moisture, with inclusion of a layer of vegetation",
journal = "J. Geophys. Res., 83, 1889-1903",
year = "1978"
}

@article{durran1,
author = "Durran D. R.",
title = "Mountain waves and downslope winds",
journal = "Meteorological Monographs, Vol. 23,  pp 59-81.",
year = "1990"
}

@article{smith,
author = "Smith R. B.",
title = "The influence of mountains on the atmosphere ",
journal = "Advances in Geophysics, Vol. 21,  pp 87-230. ",
year = "1979"
}

@article{mejean2006,
author = "Mejean P.",
title = "Etude en soufflerie de la dispersion autour du site de Flamanville ",
journal = "Tech. Rept., LMFA-UMR 5509, CNRS/ECL/UCB",
year = "2006"
}

@article{bibault2007,
author = "Bilbault D., Carissimo B, Gilbert E.",
title = "Synthèse des études de dispersion pour le site de Flamanville",
journal = "Tech. Rept, H I88-2006-02126-FR. EDF R\\&D, Département Mécanique des Fluides,
           Energies et Environnement, groupe météorologie appliquée et environnement atmosphérique",
year = "2007"
}

@article{Gilbert2006,
author = " Gilbert E.",
title = "Etude complémentaire des conditions de dispersion pour le site de Flamanville",
journal = "Tech. Rept, H I88-2006-02126-FR. EDF R\\&D, Département Mécanique des Fluides,
           Energies et Environnement, groupe météorologie appliquée et environnement atmosphérique",
year = "2006"
}

@article{quemerais,
author = "Quémerais E.",
title = "Maillage de la centrale de Flamanville avec Simail",
journal = "Tech. Rept. SPIST/DOC/2006/FLAM/001.INCKA",
year = "2005"
}



@article{1980,
author = "EDF-DER-Division Météorologie Appliquée et Pollution atmosphérique",
title = "Fiches techniques quotidiennes contenant: les radiosondages à 7h, 13h et 19h à Satolas; les conditions mété
         orologiques au sol à Satolas et Sainte Julie; les caractéristiques d'émission des tours d'aéroréfrigérants;
         les caractéristiques des panaches; un croquis du panache sur un plan vertical et la direction du panache
         sur un plan horizontal avec les échelles de distance et de hauteur. Fiches d'observation des panaches du Bugey.",
journal = "EDF-DER-Division Météorologie Appliquée et Pollution atmosphérique",
year = "1980"
}

@article{louis1984,
author = "Louis F., Biscay P., Saab A.",
title = "Modélisation tridimensionnelle de l'impact atmosphérique d'aéroréfrigérants de grande puissance, Validation du code GEDEON",
journal = "Rapport EDF E/32-83-N°36",
year = "1984"
}

@article{Hodin1980,
author = "Hodin A",
title = "Etude expérimentale des panaches des réfrigérants atmosphériques du Bugey,
         premier bilan des mesures physiques effectuées entre le 25 fevrier et le 13 mars 1980",
journal = "  Rapport EDF HE/32-80.33 ",
year = "1980"
}

@article{Bouzerau,
author = "Bouzerau E.",
title = "Représentation des nuages chauds dans le modèle météorologique MERCURE:
         Application aux panaches d'aéroréfrigérants et aux précipitations orographiques",
journal = " Thèse de Doctorat de l'université Paris VI",
year = "2004"
}

@article{Ref1_ammo,
author = "Morten N. et al.",
title = "Design of the Fladis field experiments with dispersion
         liquified ammonia",
journal = " Rapport RISO-R-755(EN)",
year = ""
}

@article{Ref1_ammo,
author = "Gabillard M., Carissimo B.",
title = "FLADIS project. Pressurized Flashing Releases.
         Part III : Ammonia releases. Comparisons of 3D MERCURE
         results against experiments. Trial Fladis 016",
journal = " Rapport GDF MCERMAP-MGa-94I640, UK",
year = "1994"
}

@article{Ref1_prop,
author = "Heinrich, Scherwinski",
title = "Propane release EEC-55",
journal = " Rapport TUV, UK",
year = "1984"
}

@article{Ref2_prop,
author = "Gabillard M., Bartzis J., Statharas J.",
title = "Intercomparaison sur la dispersion de gaz lourds entre les modèles
         3D MERCURE et ADREA. Rejet pressurisé avec Flash-Partie I : rejet de
         propane Essai EEC55 sans mur",
journal = " Rapport GDF/CERMAP 93I.593",
year = "1993"
}

@article{Ref3_prop,
author = "Gabillard M., Bartzis J., Statharas J.",
title = "Intercomparaison sur la dispersion de gaz lourds entre les
         modèles 3D MERCURE et ADREA. Rejet pressurisé avec Flash :
         Partie II: rejet de propane Essai EEC55 avec mur",
journal = "Rapport GDF/CERMAP 94I.203",
year = "1994"
}

@article{mercure,
author = "Rabillard C., Albergel A., Sevin T., Carissimo B., Dupont E., Musson-Genon L.",
title = "Recueil de fiches de validation du code Mercure version 3.2",
journal = "HE-33/97/004B EDF-DER",
year = "1997"
}

@article{hanane,
author = "Zaïdi H., Dupont E., Milliez M., Musson-Genon L., Carissimo B.",
title = "Numerical Simulations of the Microscale Heterogeneities of Turbulence Observed on a Complex Site",
journal = "EDF Report HE-33/95/004A",
year = "1995"
}

@article{Ref4_gltp,
author = "Dupont E., Carissimo B., Marchand O., Cayrol E., Musson-Genon L.",
title = "Recueil de fiches de validation du code MERCURE - Version 3.2",
journal = "Boundary-Layer Meteorol.",
year = "2012"
}

@article{Ref3_gltp,
author = "Carissimo B. et al.Dupont E., Carissimo B., Marchand O., Cayrol E., Musson-Genon L.",
title = "Intercomparison on heavy gas dispersion between the three dimensional models MERCURE and ADREA - Part I : Instantaneous release without obstacle",
journal = "EDF Report HE33/92-15",
year = "1992"
}

@article{Ref2_gltp,
author = "Riou Y",
title = "Large scale field trial on dense vapor dispersion",
journal = "J. Haz. Mat., 16, pp. 247-265",
year = "1987"
}

@article{Ref1_gltp,
author = "Mc. Quaid J., B. Roebuck",
title = "Comparison between MERCURE-GL code calculations, wind tunnel measurements and Thorney Island field trials",
journal = "Safety Engineering Laboratory HSE, UK",
year = "1984"
}

@article{NotusCode,
author = "NOTUS",
title = "Verification of Notus 0.1.0: Poiseuille flow with variable viscosity",
journal = "http://notus-cfd.org/doc/group\_\_test\_\_case\_\_description\_\_poiseuille\_\_viscosity.html",
year = "2015"
}

@article{WhiteFM:ViscousFluidFlow,
author = "White F.M.",
title = "Viscous Fluid Flow 2/ed Edition",
journal = "McGraw-Hill Intnl Editions ISBN 0-07-100995-7",
year = "1987"
}

@article{Archambeau,
author = "Archambeau F., H\'erard J.M., Lavi\'eville J.",
title = "Comparative study of pressure-correction and Godunov-type schemes on unsteady compressible cases",
journal = "Computers and Fluids, Vol. 38, pp. 1495-1509",
year = "2009"
}

@article{Gallouet,
author = "Gallouët T. and H\'erard J. M. and Seguin N.",
title = "Some recent finite volume schemes to compute Euler equations using real gas EOS",
journal = "International Journal for Numerical Methods in Fluids, Vol 39(12), pp. 1073-1138",
year = "2002"
}

@article{Mathon,
author = "Mathon P., Archambeau F., H\'erard J.M.",
title = "Implantation d'un algorithme compressible dans {\fontfamily{ppl}\fontshape{it}\selectfont Code\_Saturne}\xspace",
journal = "Rapport EDF R\&D HI-83/03/016/A",
year = "2003"
}

@article{Smoller1,
author = "Smoller J.",
title = "Shock waves and reaction-diffusion equations",
journal = "Springer Verlag",
year = "1983"
}

@article{BF,
author = "Burggraf O. R.",
title = "Analytical and numerical studies of structures of steady separated flows",
journal = "J. Fluid Mech., 24, 113–151",
year = "1966"
}

@article{tg,
author = "Taylor G.I., Green A.E.",
title = "Mechanism of the Production of Small Eddies from Large Ones",
journal = "Proc. R. Soc. Lond. A, 158, 499-521",
year = "1937"
}

@article{Massey,
author = "Massey B.S.",
title = "Mechanics of fluids",
journal = "7th Edition",
year = "2005"
}

@article{RANALD,
author = "Ranald V. G.",
title = "Fluid Mechanics and Hydraulics 2/ed",
journal = "Schaum's outline series",
year = "1976"
}

@article{zaichik,
author = "L. Zaichik, S. Soloviev, A. Skibin, V.Alipchenko.",
title = "A diffusion-inertia model for predictingdispersion of low-inertia particles in turbulent flows.",
journal = "5th International Conference on Multiphase Flow - ICMF, No. 220. Yokohama, Japan.",
year = "2004"
}

@article{nerisson,
author = "P. Nerisson",
title = "Mod\'elisation du Transfert des A\'erosols dans un Local Ventil\'e.",
journal = "Th\`ese IRSN/INPT, 112P",
year = "2009"
}

@article{nmira,
author = "F. Nmira, B. Sapa",
title = "Simulation de l'incendie à l'aide de Code\_Saturne",
journal = "D\'eveloppements, validation et int\'egration dans la version de production 3.0",
year = "Rapport EDF R\&D H-I81-2013-00952-FR"
}

@article{SHUN,
author = "L. Shunn, F. Ham, P. Moin",
title = "Verification of variable-density flow solvers using manufactured solutions",
journal = "Journal of Computational Physics",
year = "2012"
}

@article{ferrandFVCA72014,
author = "Ferrand M., Fontaine J., Angelini O.",
title = "An anisotropic diffusion finite volume algorithm using a small stencil",
journal = "FVCA 7 conference proceedings, Springer",
year = "2014"
}

@article{eymardfvca62011bench,
author = "Eymard R.,  Henry G., Herbin R., Hubert F., Kl{\"o}fkorn R., Manzini G.",
title = "3D Benchmark on Discretization Schemes for Anisotropic Diffusion Problems on General Grids",
journal = "FVCA 6 conference proceedings, Springer",
year = "2011"
}

@article{dehoux2011modelling,
author = "Dehoux F., Benhamadouche S., Manceau R.",
title = "Modelling turbulent heat fluxes using the elliptic blending approach for natural convection",
journal = "Proc. 7th Int. Symp. Turb. Shear Flow Phenomena, Ottawa, Canada",
year = "2011"
}

@article{betts,
author = "Betts P.L., Bokhari I.H.",
title = "Experiments on turbulent natural convection in an enclosed tall cavity",
journal = "Int. J. Heat \& Fluid Flow, Vol. 21, pp. 675-683",
year = "2000"
}

@article{BES,
author = "Benhamadouche S.",
title = "Submesh modelisation for LES - Validation with Decaying Isotropic Turbulence (DIT) (Development version of Code\_Saturne)",
journal = "EDF R\&D report HI-83/01/33/A",
year = "2001"
}

@article{KCM,
author = "Kang H.S., Chester S., Meneveau C.",
title = "Decaying turbulence an active-grid-generated flow and comparisons with large-eddy-simulation",
journal = "J. Fluid Mech., vol 480, pp. 129-160",
year = "2003"
}

@article{driftth:TSAI,
author = "C.J. Tsai, J. S. Lin, S. G. Aggarwal, D. R.Chen.",
title = "Thermophoretic Deposition of Particles in Laminar and Turbulent Tube Flows.",
journal = "Aerosol Sci. Technol., 38, 131-139",
year = "2004"
}

@article{BG_jet,
author = "J.F. Brison, G. Brun",
title = "Meeting of the AIRH Working group on refined flow modelling round normally impinging turbulent jets",
journal = "Laboratoire de M\'ecanique des Fluides et d'Acoustique, Ecole Centrale de Lyon",
year = "2-4, October 1991"
}

@article{Heiple82,
author = "Heiple, C. R., Roper, J. R.",
title = "Mechanism for minor element effect on GTA fusion zone geometry",
journal = "Weld. J., 61 (4)",
year = "1982"
}

@article{McNallan,
author = "McNallan, M.J., DebRoy, T.",
title = "Effect of Temperature and Composition on Surface Tension in Fe-Ni-Cr Alloys Containing Sulfur.",
journal = "Metallurgical Transactions, 22B, pp. 551--560",
year = "1991"
}

@article{Mills2,
author = "Mills, K.C., Keene, B.J., Brooks, R.F., Shirali, A.",
title = "Marangoni effects in welding.",
journal = "Phil. Trans. R. Soc. Lond., 356, pp. 911--925",
year = "1998"
}

@article{Carman,
author = "Carman, P.C.",
title = "Flow of gases through porous media.",
journal = "Butterworths, London",
year = "1956"
}

@article{Kozeny,
author = "Kozeny, J.",
title = "Ueber kapillare Leitung des Wassers im Boden.",
journal = "Sitzungsber Akad. Wiss., Wien, 136(2a), pp. 271--306",
year = "1927"
}

@article{Belton,
author = "Belton, G.R.",
title = "Metall.Trans. B, 7B",
journal = "pp. 35--42",
year = "1976"
}

@article{Koudadje2013,
author = "Koudadje K.",
title = "Mod\'elisation 3D du bain de fusion en soudage : rapport d'avancement au 31/12/2012 de la th\`ese de Koffi Koudadje",
journal = "Rapport EDF, H-I81-2012-02541-FR",
year = "2012"
}

@article{Mills2004,
author = "Mills K.C, Su Y., Li Z. and Brooks R.F.",
title = "Equations for calculation of the thermo-physical properties of stainless steel",
journal = "IISJ International, vol. 44, n°10, pp. 1661-1668",
year = "2004"
}

@article{Sahoo1998,
author = "Sahoo P., DebRoy T. and McNallan M.",
title = "Surface tension of binary metal - surface active solute systems under conditions relevant to welding metallurgy",
journal = "Metallurgical and Materials Transactions, vol. B, n°19",
year = "1998"
}

@article{Kim1975,
author = "Kim Choong S.",
title = "Thermophysical properties of stainless steels",
journal = "Ed Argonne National Laboratory",
year = "1975"
}

@article{combes_ercoftac,
author = "J.F. Comb\`es",
title = "Test case U3: centrifugal pump with a vaned diffuser",
journal = "ERCOFTAC seminar and workshop on turbomachinery flow prediction VII, Aussois",
year = "jan 4-7 , 1999"
}

@article{ubaldi_al_asme_1996,
author = "M. Ubaldi et al.",
title = "An experimental investigation of stator induced unsteadiness on centrifugal impeller outflow",
journal = "Journal of Turbomachinery, vol.118, 41--54",
year = "1996"
}

@article{driftpipe:Charuau82,
author = "J. Charuau.",
title = "Etude du D\'ep\^ot desParticules dans les Conduits. Optimisation des Tubes de Pr\'el\`evementdes A\'erosols Radioactifs.",
journal = "Rapport CEA-R-5158",
year = "1982"
}

@article{PH_supnmb,
author = "C. P\'eniguel, M. Hecker",
title = "SUPER NIMBUS (pr\'esentation du mod\`ele)",
journal = "EDF/DER-HE-44/91-31",
year = "1991"
}

@article{PH1_supnmb,
author = "C. P\'eniguel, M. Hecker",
title = "Analyse d'\'etaill\'ee d'une configuration d'\'ecoulement sur la maquette SUPER NIMBUS",
journal = "Rapport EDF/DER-HE-41/92.41",
year = "1992"
}

@article{PH2_supnmb,
author = "C. P\'eniguel, M. Hecker",
title = "Etude d'une configuration instationnaire dans le mod\`ele SUPER NIMBUS",
journal = "Rapport EDF/DER-HE-44/93/052/A",
year = "1993"
}

@article{PHD_supnmbt,
author = "C. P\'eniguel, M. Hecker, L. Duquesne",
title = "La maquette SUPER NIMBUS",
journal = "Rapport EDF/DER-HE-44/91-32",
year = "1991"
}

@article{durst:1989,
author = "F. Durst, T. Maxworthy \& J. C. F. Perreira",
title = "Piston-driven, unsteady separation at a sudden expansion in a tube: flow visualisation and LDA measurements",
journal = "Physics of Fluids A, Vol. 1, pp 1249-1260",
year = "1989"
}

@article{stroll:1995,
author = "J.-D. Matt\'ei, N. Picard et al.\\ Ströll H., Durst F., Peric M. \& Cheuerer G.",
title = "Numerical study of a piston-driven unsteady separation in a pipe with a sudden expansion",
journal = "International Journal for Numerical Methods in Fluids, Vol. 21, pp 237-251",
year = "1995"
}

@article{DC,
author = "De Cachard F., Paladino D. et al.",
title = "OECD/SETH Project Larg-Scale Experimental Investigation of Gas Mixing and Stratification in LWRContainments",
journal = "Ref. No: TM-42-07-04 ALPHA-07-18-0, April 30$^{th}$ 2007, Paul Scherrer Institut (PSI)",
year = "2007"
}

@article{SM,
author = "Sharabi M. Andreani M.",
title = "CFD Simulation for the PANDA and MISTRA Common Test",
journal = "OECD SETH-2, PRG7/MB8 Meetings, PSI Villigen, December 14-15",
year = "2010"
}

@article{OECD,
author = "OECD Contributors",
title = "OECD/SETH-2 Project PANDA and MISTRA Experiments Final Summary Report",
journal = "Investigation of Key Issues for the Simulation of Thermal-Hydraulic Conditionsin Water Reactor Containment, Nuclear Safety NEA/CSNI/R(2012)",
year = "April 2012"
}

@article{ST,
author = "Studer E., Brinster J. et al.",
title = "Interaction of a Light Gas Stratifed Layer with an Air Jet coming from below:Large scale Experiments and Scaling Issues",
journal = "Nuclear Engineering and Design, vol. 253, pp.406-412",
year = "2012"
}

@manual{ASME,
author = "ASME sub-committee V\&V-20",
title = "Standard for Verification and Validation in Computational Fluid Dynamics and Heat Transfer",
year = "2009"
}

@article{WLO,
author = "W. L. Oberkampf, C. J. Roy",
title = "Verification and Validation in Scientific Computing",
journal = "Cambridge University Press",
year = "2010"
}

@manual{Kawamura,
author = "H. Abe, H. Kawamura",
title = "DNS of Turbulent scalar transport in a channel flow up to $Re_{\tau} = 640$ with $Pr = 0.025 $ and $0.71$",
year = "2004"
}

@manual{Kasagui,
author = "N. Kasagi, M. Nishimura",
title = "Direct numerical simulation of combined forced and natural turbulent convection in a vertical plane channel",
journal = "Int. J. Heat Fluid Fl, vol. 238 551-565",
year = "1945"
}

@article{Roache,
author = "P.J. Roache, K. Ghia, F. White",
title = "Editorial Policy Statement on the Control of Numerical Accuracy",
journal = "ASME Journal of Fluids Engineering, Vol. 108, No. 1., March 1986, p. 2",
year = "1986"
}

@article{Deng,
author = "Deng J., Cao X.W",
title = "A Study on Evaluating a Passive Autocatalytic Recombiner PAR-system in the PWR large-dry containment",
journal = "Nuclear Engineering and Design, vol. 238 2554-2560",
year = "2008"
}

@article{Kudriakov,
author = "Kudriakov S., Dabbene F., Studer E., Beccantini A., Magnaud J.P., Paill\`ere, Bentaib A.,Bleyer A., Malet J., Porcheron E., Caroli C.",
title = "{\em The TONUS CFD code for Hydrogen Risk Analysis: Physical Models, Numerical Schemes and Validation Matrix},Nuclear Engineering and Design",
journal = "vol. 238 551-565",
year = "2008"
}

@article{Mimouni,
author = "Mimouni S., Mechitoua N., Ouraou M.",
title = "CFD Recombiner Modelling and Validation on the H2-Par and Kali-H2 Experiments",
journal = "Science and Technology of Nuclear Installations",
year = "2011"
}

@article{Payot,
author = "Payoy F., Reinecke E.-A., Morfin F., Sabroux J.-C., Meynet N., Bentaib A. et al.",
title = "Understanding of the Operation Behaviour of a Passive Autocatalytic Recombiner (PAR) for Hydrogen Mitigation inRealistic Containment Conditions during a Severe Light Water Nuclear Reactor (LWR) Accident",
journal = "Nuclear Engineering and Design, vol. 248 178-196",
year = "2012"
}

@article{Gengembre_1984,
author = "Gengembre E., Cambray P., Karmed D., Bellet J.C.",
title = "Turbulent diffusion flames with large buoyancy effects",
journal = "Combustion Science and Technologies, vol. 41, pp 55-67",
year = "1984"
}

@article{Souil_1984,
author = "Souil J.M., Joulain P., Gengembre E.",
title = "Experimental and theoretical study of thermal radiation from turbulent diffusion flames to vertical target surfaces",
journal = "Combustion Science and Technologies, vol. 41, pp 69-81",
year = "1984"
}

@article{George_1977,
author = "George W.K.Jr., Alpert R.L., Tamanini F.",
title = "Turbulence measurements in an axisymmetric buoyant plume",
journal = "International Journal of Heat Mass Transfer, vol. 20, pp 1145-1154",
year = "1977"
}

@article{obi,
author = "Obi S., Aoki K., Masuda, S.",
title = "Experimental and computational study of turbulent separated flow in an asymmetric diffuser",
journal = "In F. Durst, N. Kasagi, B.E. Launder, F.W. Schmidt, K. Suzuki and J.H. Whitelaw, editors, Proceedings 9th Symposium of turbulent shear flow, Kyoto, Japan",
year = "August, 1993"
}

@article{buice,
author = "Buice, C.U., Eaton J.K.",
title = "Experimental investigation of flow through an asymmetric plane diffuser",
journal = "Report No. TSD-107, Thermosciences Division, Department of Mechanical Engineering, Stanford University, Stanford, CA, USA",
year = "1997"
}

@article{ercoftac_diffuser,
author = "European Research Community on Flow, Turbulence and Combustion (ERCOFTAC)",
title = "Flow through an Asymmetric Plane Diffuser",
journal = "8th Workshop of Special Interest Group 15 on Turbulence Modelling, Helsinki",
address = "http://tmdb.ws.tn.tudelft.nl/workshop8/case8\_2/case8\_2.html",
year = "1999"
}

@article{SiBa88,
author = "Simonin O., Barcouda M.",
title = "Measurements and prediction of turbulent flow entering a staggered tube bundle",
journal = "Rapport EDF HE-44/88.25",
year = "1988"
}

@article{idelchick86,
author = "Idel{'}Cik I.E.",
title = "Handbook of hydraulic resistance, Second edition revised and augmented",
journal = "Hemisphere Publishing Corp",
year = "1986"
}

@article{casarsa,
author = "L. Casarsa, T. Arts",
title = "Aerodynamic performance investigation of a rib roughened cooling channel flow with high blockage ratio",
journal = "11th International Symposium on Applications of Laser Techniques to Fluid Mechanics, Portugal.",
year = "2002"
}

@article{arts2007,
author = "T. Arts, C. Benocci, P. Rambaud",
title = "Experimental and numerical investigation of flow and heat transfer in a ribbed square duct",
journal = "3rd Intnl Symposium on Integrating CFD and Experiments in Aerodynamics, U.S. Air Force Academy, CO, USA.",
year = "20-21 June 2007"
}

@article{mate2006,
author = "M.L. Mate, C. Benocci, P. Rambaud",
title = "Flow features in a fully developed ribbed duct flow as a result of MILES",
journal = "Kluwer Academic Publishers",
year = "2006"
}

@article{troyes11,
author = "J. Troyes, F. Chedevergne, P. Grenard, F. Vuillot, N. Bertier, B. Courbet",
title = "Advanced turbulence modelling for energetics and acoustics",
journal = "ONERA Scientific Days, A New Age for Turbulence, ONERA Châtillon",
year = "02/12/11"
}

@article{ooi2002,
author = "A. Ooi, G. Laccarino, P.A. Durbin, M. Benia",
title = "Reynolds averaged simulation of flow and heat transfer in ribbed ducts",
journal = "Intnl Jrnl of Heat and Fluid Flow, 23 (2002) 750-757",
year = "2002"
}

@article{keshmiriLaurence2009,
author = "A. Keshmiri, M.A. Cotton, Y. Addad, D. Laurence",
title = "Thermohydraulic analysis of flow in rib roughened passages with application to gas cooled nuclear reactors",
journal = "Turbulence, Heat and Mass Transfer 6, Proc. 6th Int Symp on Turbulence, Heat and Mass Transfer, Rome, Italy",
year = "14-18/09/2009"
}

@article{keshmiri2009,
author = "A. Keshmiri, M.A. Cotton, Y. Addad",
title = "Numerical simulations of flow and heat transfer over rib roughened surfaces",
journal = "17th Annual Conference of CFD Society of Canada, Ottawa",
year = "2009"
}

@article{rau1998,
author = "G. Rau, M. Cakan, D. Moeller, T. Arts",
title = "The effect of periodic ribs on the local aerodynamic and heat transfer performance of a straight cooling channel",
journal = "ASME Vol. 120 April 1998 PP368-375",
year = "1998"
}

@article{keshmiri2012,
author = "A. Keshmiri, K. Osman, S. Benhamadouche",
title = "Comparison of Advanced Rans Models Against Large Eddy Simulation and Experimental Data in Investigation of Ribbed Passages with Heat Transfer",
journal = "Conference on Modelling Fluid Flow (CMFF'12), The 15th International Conference on Fluid Flow Technologies, Budapest, Hungary",
year = "September 4-7, 2012"
}

@article{Steward,
author = "Steward F.R., Tennankore K.N.",
title = "Towards a finite difference solution coupled with the zone method for radiative transfer for a cylindrical combustion chamber",
journal = "Journal of the Institute of Energy, pp107-114",
year = "September 1979"
}

@article{TuOl78,
author = "S.Y. Tuann \& M.D. Olson",
title = "Review of computing methods for recirculating flows",
journal = "Journal of Computational Physics, Vol. 29, pp 1-19",
year = "1978"
}

@article{deVahlDavisEx,
author = "de Vahl Davis G., Jones I.P.",
title = "Natural convection in a square cavity: A comparison exercise",
journal = "Intnl Journal for Numerical Methods in Fluids, Vol. 3, pp227-248",
year = "1983"
}

@article{deVahlDavisSol,
author = "de Vahl Davis G., Jones I.P.",
title = "Natural convection of air in a square cavity: A benchmark numerical solution",
journal = "Intnl Journal for Numerical Methods in Fluids, Vol. 3, pp249-264",
year = "1983"
}

@article{Hsu83,
author = "Hsu K.C., Etemadi K., Pfender E.",
title = "Study of a Free-Burning High Intensity Argon Arc",
journal = "Journal of Applied Physics, Vol. 54 (3), pp 1293-1301",
year = "1983"
}

@article{AZH_c180,
author = "J. Azzola, J.A.C. Humphrey",
title = "Developing turbulent flow in a $180^o$ curved pipe and its downstream tangent",
journal = "Report LBL-17681, Material and Molecular Research Division, Lawrence Berkeley Laboratory, University of California.",
}

@article{AZHIL_c180,
author = "J. Azzola, J.A.C. Humphrey, H. Iacovides, B.E. Launder",
title = "Developing turbulent flow in a U-bend of Circular Cross-Section: Measurement and Computation",
journal = "Transaction of the ASME, Vol. 108, pp. 214-221",
year = "June 1986"
}

@article{NIST_NRC_3_2005,
author = "A. Hamins, A. Maranghides, R. Johnsson, M. Donnelly, J. Yang, G. Mulholland, R. L. Anleitner",
title = "Report of Experimental Results for the International Fire Model Benchmarking and Validation Exercise \#3",
journal = "NIST Special Publication 1013-1",
year = "June 2005"
}

@article{NIST_NRC_2003,
author = "A. Hamins, A. Maranghides, G. Mulholland",
title= "The Global Combustion Behavior of 1 MW to 3 MW Hydrocarbon Spray Fires Burning in an Open Environment",
journal = "NIST Internal report NISTIR 7013",
year= "June 2003"
}

@article{Ohern,
author = "Ohern T.J., Weckman E.J. Gerhart A.L., Tieszen S.R. Schefer R.W.",
title = "Experimental study of a turbulent buoyant helium plume",
journal = "Journal of Fluid Mechanics, vol. 544, pp 143-171",
year = "2005"
}

@article{estel_valid,
author = "Decung, F., F. Dumortier, and S. Falappi",
title = "ESTEL 3D version 6.0 : Validation Document",
journal = "H-P78-2009-02826-EN. 2009, EDF",
year = "2009"
}

@article{estel_qualif,
author = "Decung, F., F. Dumortier, and S. Falappi",
title = "ESTEL 3D version 6.0 : Qualification Document",
journal = "H-P78-2010-03150-EN. 2010, EDF",
year = "2010"
}

@article{hydrus,
author = "Simunek J., M.TH. van Genuchten and M. Sejna",
title = "The HYDRUS Software Package dor Simulating the Two- and Three-Dimensional Movement of Water, Heat, and Multiple Solutes inVariably-Saturated Media",
journal = "Technical Manual, Version 1.0, PC Progress, Prague, Czech Republic",
year = "2006"
}

@article{Sato1996,
author = "Y. Sato, K. Hishida and M. Maeda",
title = "Effect of Dispersed Phase on Modification of Turbulent Flow in a Wall Jet",
journal = "J. Fluids Eng., Vol. 11, pp 307-314",
year = "1996"
}

@article{Our_95,
author = "M. Ouraou, J.P. Minier",
title = "Mod\'elisation Lagrangienne des \'ecoulements diphasiques : prise en compte de l'influence des particules sur le fluide dans le module d'ESTET",
journal = "Rapport EDF, HE-44/95/031/A",
year = "1995"
}

@article{RefB-6,
author = "J.P Minier and E. Peirano",
title = "The PDF approach to turbulent polydispersed two-phase flows",
journal = "Physics Reports, Vol. 352/1-3, pp. 1-214, September 2001 (Rapport EDFHI-81/01/025/A)",
year = "2001"
}

@article{RefB-4,
author = "A. Douce, J.P. Minier",
title = "Mod\'elisation stochastique lagrangienne d'\'ecoulements turbulents diphasiques dans Code\_Saturne",
journal = "Rapport EDF HI-81/04/03",
year = "2004"
}

@article{Selcuk85,
author = "Sel\c{c}uk N.",
title = "Exact solutions for radiative heat transfer in box-shapped furnace",
journal = "Journal of Heat Transfert \textbf{107}: 648-655",
year = "1985"
}

@article{Selcuk87,
author = "Sel\c{c}uk N., Tahiroglu Z.",
title = "Exact numerical solutions for radiative heat transfer in cylindrical furnaces",
journal = "Int. J. Numer. Meth. Engng. \textbf{26}: 1201-1212",
year = "1988"
}

@article{Selcuk97,
author = "Sel\c{c}uk N., Kayakol N.",
title = "Evaluation of discrete ordinates method for radiative transfer inrectangular furnaces",
journal = "Int. J. Heat Mass Transfer \textbf{40}: 213-222",
year = "1997"
}

@article{Douce02,
author = "Douce A., M\'echitoua N.",
title = "Mise en {\oe}uvre dans Code\_Saturne des mod\'elisations physiques particuli\`eres. Tome~3~: Transfert thermique radiatif en milieux gris semi-transparents",
journal = "Rapport EDF R\&D HI-81/02/019/A",
year = "2002"
}

@article{Douce03,
author = "Tagorti M., Dal-Secco S., Douce A., M\'echitoua N.",
title = "Physiques particuli\`eres dans Code\_Saturne, tome 4 : le mod\`ele $P-1$ pour la mod\'elisation des transferts thermiques radiatifs en milieu gris semi-transparent",
journal = "Rapport EDF R\&D HI-81/03/017/A",
year = "2003"
}

@article{Delalondre97,
author = "Delalondre C., M\'echitoua N., Trenty L., Gleizes A.",
title = "Mod\'elisation des transferts radiatifs dans les arcs \'electriques",
journal = "Rapport EDF, HE-44/97/006/A",
year = "1997"
}

@article{Fiveland84,
author = "Fiveland W.A.",
title = "Discrete-ordinates solutions of the radiative transport equation for rectangular enclosures",
journal = "Journal of Heat Transfer \textbf{106}: 699-706",
year = "1984"
}

@article{Truelove87,
author = "Truelove J.S.",
title = "Discrete-Ordinates solutions of the radiation transport equation",
journal = "Journal of Heat Transfer \textbf{109}: 1048-1051",
year = "1987"
}

@article{Gutierrez_Montes_2008,
author = "C. Guti\'errez-Montes, E. Sanmiguel-Rojas, A.S. Kaiser and A. Viedma",
title = "Numerical model and validation experiments of atrium enclosure fire in a new fire test facility",
journal = "Building and Environment 43: 1912-1928",
year = "2008"
}

@article{Gutierrez_Montes_2009,
author = "C. Guti\'errez-Montes, E. Sanmiguel-Rojas, A. Viedma and G. Rein",
title = "Experimental data and numerical modelling of 1.3 and 2.3 MW fires in a 20 m cubic atrium",
journal = "Building and Environment 44: 1827-1839",
year = "2009"
}

@article{Ref1_wang,
author = "Buty D.",
title = "Parametrisation de la turbulence atmospherique dans un code meso-meteorologique tridimensionnel et non-hydrostatique",
journal = "These de Doctorat de l'Universite Lyon I",
year = "1988"
}

@article{Ref2_wang,
author = "Clarke R.H., Dyer A.J., Brook R.R., Reid D.G. and Troup A.J.",
title = "The Wangara experiment - Boundary layer data",
journal = "Paper no 19, DivisionMeteorological Physics, CSIRO, Australia",
year = "1971"
}

@article{Ref3_wang,
author = "Duynkerke P.G.",
title = "An application of the $k-\epsilon$ turbulence closure model to the neutral and stable atmospheric boundary layer",
journal = "J.Atm.Sci., vol. 45, pp. 865-880",
year = "1988"
}

@article{Ref4_wang,
author = "Louis J.F., Tiedtke M., Geleyn J.F.",
title = "A short history of the PBLparametrization at ECMWF",
journal = "Proceedings, ECMWF workshop on planetary boundary layer parametrization, Reading, pp. 59-80",
year = "1982"
}

@article{Ref5_wang,
author = "Musson-Genon L.",
title = "Numerical simulation of a fog event with a one-dimensional boundary layer model",
journal = "Mon. Wea. Rev., 117, pp. 29-39",
year = "1987"
}

@article{Ref6_wang,
author = "Musson-Genon L.",
title = "Forecasting in the vertical with a local dynamical interpretation method",
journal = "Mon. Wea. Rev., 117, pp. 29-39",
year = "1989"
}

@article{Ref7_wang,
author = "Musson-Genon L.",
title = "Etude de differentes fermetures turbulentes a l'aide d'un modele unidimensionnel de couche limite",
journal = "Rapport EDF HE-33/92-12",
year = "1992"
}

@article{Ref8_wang,
author = "Yamada, T. and Mellor G.",
title = "A simulation of the Wangara atmospheric boundary layer data",
journal = "J. Atmos. Sci., 32, pp. 2309-2329",
year = "1975"
}

@article{Ref9_wang,
author = "Wyngaard, J.C. and Cote O.R.",
title = "The evolution of a convective planetary boundary layer. A higher-order closure model study",
journal = "Bound. Layer Meteor., 7, pp. 289-308",
year = "1974"
}

@article{Tieszen_2004,
author = "Tieszen S.R., O'Hern T.J., Weckman E.J., Schefer R.W.",
title = "Experimental study of the effect of fuel mass flux on 1-m-diameter methane fire and comparison with a hydrogen fire",
journal = "Combustion and Flame, vol. 139, pp 126-141",
year = "2004"
}

@article{McCaffrey_1979,
author = "McCaffrey B.J.",
title = "Purely buoyant diffusion flames: some experimental results",
journal = "Technical report NBSIR 79-1910, National Bureau of Standards",
year = "1979"
}

@article{Shabbir_1994,
author = "Shabbir A., George W.K.",
title = "Experiments on a round turbulent buoyant plume",
journal = "Journal of Fluid Mechanics, vol. 275, pp 1-32",
year = "1994"
}

@article{Rosh_cylinder,
author = "Roshko",
title = "Report Nat. Adv. Comm. Aero., Wash",
journal = "$n^o$1191",
year = "1954"
}

@article{TRI_cylinder,
author = "Tritton",
title = "A note on vortex streets behind circular cylinders at low Reynoldsnumbers",
journal = "Journal of fluid mechanics, vol 45, part 1, 203-208",
year = "1971"
}

@article{GLU_cylinder,
author = "Gresho, Lee, Upson",
title = "F.E.M. solution of the Navier-Stokes equations for vortex shedding behind acylinder",
journal = "Adv. water ressources",
year = "1981"
}

@article{JF_cylinder,
author = "Jordan, Fromm",
title = "Oscillatory drag, lift and torque on a circular cylinder in a uniform flow",
journal = "Phys. fluids 15(3)371",
year = "1972"
}

@article{Marti_cylinder,
author = "Martinez",
title = "Caract\'eristiques dynamiques et thermiques de l'\'ecoulement autour d'un cylindre circulaire \`a nombres de Reynolds mod\'er\'es",
journal = "Th\`ese de docteur ing\'enieur, INP Toulouse",
year = "1979"
}

@article{bradley68a,
author = "Bradley E.F.",
title = "A micrometeorological study of velocity profiles and surface drag in the region modified by a change in surface roughness.",
journal = "Int. Quart. J. Roy. Met.Soc., 94,361-379",
year = "1968"
}

@article{bradley68b,
author = "Bradley E.F.",
title = "A shearing stress meter for micrometeorological studies.",
journal = "Int. Quart. J. Roy. Met.Soc., 94,380-387",
year = "1968"
}

@article{stull,
author = "Stull R.B.",
title = "An introduction to boundary Layer Meteorology.",
journal = "Kluwer Academic",
year = "1988"
}

@article{garratt,
author = "Garratt J.R.",
title = "The atmospheric boundary layer.",
journal = "Cambridge University Press",
year = "1992"
}

@article{incropera,
author = "Incropera F. P. et al.",
title = "Fundamentals of Heat and Mass Transfer, 6th edition.",
journal = "Wiley",
year = "2007"
}

@article{blasius,
author = "Blasius H.",
title = "English translation in National Advisory Committee for Aeronautics Technical Memo No. 1256.",
journal = "Z. Math. Phys., 56, 1",
year = "1908"
}

@article{rochester,
author = "Clark A. (JR)",
title = "ME 223 Laminar Boundary Layer on a Flat Plate",
journal = "Rochester university course",
year = "2013"
}

@article{VFLO_echo,
author = "P.L. Viollet, D. Flamain, F. Lana, J.C. Olivier ",
title = "Etude du m\'elange d'un jet \'emis \`a 45 degr\'es dans un \'ecoulement gazeux plus dense (exp\'erience ECHO)",
journal = "EDF report HE-44/87.22",
year = "1987"
}

@article{DAV,
author = "Davroux A., Archambeau F.",
title = "Calcul de la variance des fluctuations d'un scalaire dans le Solveur Commun. Application \`a l'experience du CEGB dite 'Jet-In-Pool'",
journal = "Rapport EDF HE 41/99/043A",
year = "1999"
}

@article{LAC,
author = "Lacroix C., Peniguel C.",
title = "Modelisation de la variance des fluctuations de temperature\\Application au cas de l'experience 'Jet-In-Pool'",
journal = "Rapport EDF HE-44/88.10",
year = "1988"
}

@article{Bazin,
author = "Cheng X., Bazin P., Cornet et al.",
title = "Experimental data base for containment thermalhydraulic analysis",
journal = "Nuclear Engineering and Design, vol. 204 267-284",
year = "2001"
}

@article{Bucci,
author = "Bucci M., Studer E., Magnaud J.P., Ambrosini W.",
title = "Modelling of Steam Condensation Phenomena in the Presence of Noncondensable Gases:Analysis of Separate Effect Tests in Force, Natural and Mixed Convection, (NURETH-13)",
journal = "Japan",
year = "2009"
}

@article{Peters:1997,
author = "A.F. Peters, R. Weber",
title = "Mathematical Modeling of a 2.4 MW Swirling Pulverized Coal Flame",
journal = "Combust. Sci. and Tech., 1997, Vol. 122, pp 131-182.",
year = "1997"
}

@article{Dal-Secco:2013,
author = "S. Dal Secco",
title = "Nouveau cas de validation de la version combustion de Code\_Saturne pour une flamme de charbon pulv\'eris\'e dans l'ancien four n°1 de la FRIF et comparaison avec quelques r\'esultats obtenus avec le code de CFD FLUENT",
journal = "EDF report H-I81-2013-00358-FR",
year = "2013"
}

@article{Delenne-1991,
author = "B. Delenne",
title = "Calcul par \'el\'ements finis de l'\'ecoulement 2D dans une pi\`ece d'habitation",
journal = "Rapport EDF HT-31/91-22A",
year = "1991"
}

@article{Delenne-Aero-1991,
author = "B. Delenne",
title = "A\'eraulique de l'habitat. Calculs par \'el\'ements finis d'\'ecoulements bidimensionnels",
journal = "Rapport EDF HT-32/92.05 A",
year = "1991"
}

@article{ManzoniRongere-1993,
author = "D. Maneoni , F. X. Rongere",
title = "Simulation a\'eraulique d'une cellule chauff\'ee et ventil\'ee. Comparaison calculs 'N3S' - version 3.1 - mesures sur maquette",
journal = "Rapport EDF HI-31/93/018/A",
year = "1993"
}

@article{PicardMartyRousset-1997,
author = "N. Picard , G. Marty and J. L. Rousset et al.",
title = "Syst\`eme ESTET-ASTRID. Tome 1 : validation en monophasique. Recueil des fiches de validation du code ESTET Version 3.3",
journal = "Rapport EDF HE-44/97/007/B",
year = "1997"
}

@manual{1DNozzleSol,
author = "A. LALLEMAND",
title = "Ecoulements monodimensionnels des fluides compressibles",
edition = "Techniques de l'Ing\'enieur, Trait\'e G\'enie \'energ\'etique, B 8 165",
}

@article{hishida1987,
author = "K. Hishida and K. Takemoto and M. Maeda",
title = "Turbulent characteristics of gas-solids two-phase confined jets (Effect of particle density)",
journal = "Japanese Journal of Multiphase Flow, 1 : 56--69",
year = "1987"
}

@manual{workshop,
title = "Fifth Workshop on Two-Phase Flow Predictions - Specifications for Test Cases",
edition = "LSTM Erlangen, March 19-22",
year = "1990"
}

@article{validestetlag,
author = "J.-P. Minier, M. Ouraou",
title = "Module diphasique lagrangien du code ESTET : calculs de validation et applications industrielles",
journal = "EDF internal report, HI-81/01/027/A",
year = "2001"
}

@article{borel2013,
author = "D. Borel",
title = "Etude numerique et experimentale des transferts thermiques dans un plasma d'arc - Application au soudage TIG",
journal = "Phd Thesis",
year = "2013"
}

@article{LANCIAL2016,
author = "N. Lancial",
title = "Projet SOPRANO: mise en oeuvre d'essais de champs de pression sur un coude \`a 40$^o$",
journal = "Note interne EDF H-P15-2015-05846-FR",
year = "2016"
}

@article{GAMEL2016,
author = "H. Gamel and N. Lancial",
title = "Projet SOPRANO: \'evaluation exp\'erimentale du champ de vitesse au sein d'un coude \`a $40^o$",
journal = "Note interne EDF H-P15-2015-06193-FR",
year = "2016"
}

@article{OFLANCIAL2015,
author = "N. Lancial and M. Zduleczny and N. Dessachy and G. Hachet",
title = "Etude exp\'erimentale du champ de pression et de vitesse en amont et en aval d'un diaphragme",
journal = "Note H-P1E-2015-04291-FR, PRISME department, EDF R$\&$D, Chatou",
year = "2015"
}

@article{ISO,
author = "Norm ISO 5167 - Part 2",
title = "Measurement of fluid flow by means of pressure differential devices inserted in circular cross-section conduits.",
journal = "International Organization for Standardization",
}

@article{frikha2010,
author = "Frikha S.",
title = "Etude numerique et experimentale des \'ecoulements cavitants sur corps portants",
journal = "Phd Thesis",
year = "2010"
}

@article{OMNES2015,
author = "F. Omnes and J. Fontaine and D. Borel",
title = "Couplage multi-physiques mono-instance dans Code\_Saturne",
journal = "Rapport de stage de M2, UPMC, EDF R\&D",
year = "2015"
}

@article{Harten,
author = "A. Harten",
title = "High Resolution Schemes for Hyperbolic Conservation laws",
journal = "Journal of Computational Physics",
year = "1982"
}

@article{IampietroD2015,
author = "D. Iampietro",
title = "Improvements of Conservative Schemes used for Scalar Conservation Laws in a Finite Volume Code",
journal = "Last year internship, ENSTA ParisTech - EDF R\&D",
year = "2015"
}

@article{Roe1986,
author = "P.L. Roe",
title = "Characteristic-based Schemes for the Euler equations",
journal = "Annual Review of Fluid Mechanics, 18, 337-365",
year = "1986"
}

@ARTICLE{Mirti:96,
  author = {Mirtich, B.},
  title = {{Fast and Accurate Computation of Polyhedral Mass Properties}},
  journal = {Journal of Graphics Tools},
  year = {1996},
  volume = {1},
  pages = {31--50}
}

@ARTICLE{ Tracy95,
  author = {Tracy, F.},
  title = {{1-D, 2-D, and 3-D analytical solutions of unsaturated flow in groundwater}},
  journal = {{Journal of Hydrology}},
  year = {1995},
  volume = {170},
  pages = {199--214}
}

@PHDTHESIS{ Bonel14,
 author = {Bonelle, J.},
 title = {{C}ompatible {D}iscrete {O}perator schemes on polyhedral meshes for elliptic and Stokes equations},
 school = {Universit\'e Paris-Est},
 year = {2014},
 }

@ARTICLE{BonEr14,
  author = {Bonelle, J. and Ern, A.},
  title = {Analysis of {C}ompatible {D}iscrete {O}perator {S}chemes for {E}lliptic
        {P}roblems on {P}olyhedral {M}eshes},
  journal = {ESAIM: Mathematical Modelling and Numerical Analysis},
  year = {2014},
  volume = {48},
  pages = {553--581},
  number = {2},
  note = {DOI:10.1051/m2an/2013104},
  doi = {10.1051/m2an/2013104}
}

@article{Botella98,
author = "O. Botella and R. Peyret",
title = "Benchmark spectral results on the lid-driven cavity flow",
journal = "Computers \& Fluids, Vol. 27, No 4, pp. 421-433",
year = "1998"
}

@article{martin2015,
author = "X. Martin",
title = "Mod\'elisation d'\'ecoulements fluides en milieu encombr\'e d'obstacles",
journal = "http://www.theses.fr/2015AIXM4759/document",
year = "2015"
}

@article{Batu2006,
author = "V. Batu",
title = "Applied Flow and Solute Transport modeling in Aquifers: Fundamental Principles and Analytical and Numerical Methods",
journal = "Taylor \& Francis",
year = "2006"
}

@article{Champagne1976,
author = "F.H. Champagne, Y.H. Pao, I.J. Wygnanski",
title = "On the two-dimensional mixing region",
journal = "Journal of Fluid Mechanics, Vol. 74, pp. 209--250",
year = "1976"
}

@article{SNPI1998,
author = "Swedish Nuclear Power Inspectorate and OECD Nuclear Energy Agency",
journal = "The International HYCROCOIN project, Level 1, code verification : groundwater hydrology modelling strategies for performance asessment of nuclear waste disposal, Paris",
year = "1988"
}

@manual{GRS_IRSN,
title = "Influence of EDZ mesh refinement on radionuclides transport around seals of a repository gallery",
edition = "GRS/IRSN Benchmark Report",
year = "2004"
}

@article{ PiErL14,
  author = "D. A. {Di Pietro} and A. Ern and S. Lemaire",
  title = "An arbitrary-order and compact-stencil discretization of diffusion on general meshes based on local reconstruction operators",
  journal = "Computational Methods in Applied Mathematics",
  year = "2014",
  volume = "14",
  pages = "461--472",
  number = "4",
  doi = "10.1515/cmam-2014-0018"
}

@article{ferrand_pql_2017,
author = "M. Ferrand",
title = "Plan qualit'e logiciel de {\fontfamily{ppl}\fontshape{it}\selectfont Code\_Saturne}\xspace",
journal = "note interne EDF R&D, 6125-3013-2017-008",
year = "2017"
}

@article{dermott2010,
author = "R. McDermott and al.",
title = "Fire Dynamics Simulator (Version 5) - Technical Reference guide Volume 2: Verification",
journal = "NIST",
year = "2010"
}

@article{thetis_val,
author = "",
title = "Thetis. Cahier de Validation. 
journal = "http://thetis.enscbp.fr",
year="2010"
}

@article{dairay2015, title={Direct numerical simulation of a turbulent jet impinging on a heated wall}, volume={764}, DOI={10.1017/jfm.2014.715}, journal={Journal of Fluid Mechanics}, publisher={Cambridge University Press}, author={Dairay, T. and Fortuné, V. and Lamballais, E. and Brizzi, L.-E.}, year={2015}, pages={362–394}}
